3800 4759
297 343 300 351 ,
445 296 482 365 11
803 272 1079 365 Vuraurrnt
1105 274 1335 367 Rormanr

332 508 338 527 b
1827 494 1835 513 0

392 585 538 649 tantum
560 572 793 651 delebiamur
817 573 967 665 studiis,
1010 572 1075 651 ied
1093 532 1219 651 noiira
1237 596 1396 675 quoqne
1422 590 1617 671 tempora,
1651 600 1755 677 qne-

424 693 471 744 ue
494 668 833 759 sunt-communia,
864 670 901 749 ἀ
929 669 1130 768 praiertim
1155 695 1236 771 que
1252 671 1413 749 nostram
1440 670 1647 771 respiciunt
1662 698 1756 751 con·

417 766 599 853 itionem,
624 791 692 842 noa
716 764 893 845 afficiunt
960 768 1163 869 Iucundum
1187 769 1287 843 enim
1307 771 1383 863 eii,
1409 793 1544 847 eorum
1565 772 1676 847 nobis
1690 794 1755 849 re·

394 860 525 941 fricari
549 865 792 953 memoriam,
830 866 1050 964 quibuscum
1075 861 1313 942 familiariter
1347 866 1550 967 aliquando
1573 867 1758 963 viximus,

392 961 460 1039 vel
482 978 614 1037 mutuo
637 961 809 1037 amicitie
831 962 1008 1051 vinculo,
1034 964 1273 1061 quantumuis
1299 964 1470 1040 iocorum
1494 964 1757 1061 intercapedi-

392 1081 444 1135 ne
470 1056 670 1143 disiuncti,
692 1059 894 1133 etiamnum
910 1056 1030 1132 snmus
1048 1058 1263 1145 coniuntii,
1288 1062 1354 1135 vei
1376 1062 1564 1158 denique,
1621 1063 1658 1137 ui
1678 1084 1755 1138 nos

312 1166 315 1173 ⁴
391 1154 432 1231 in
454 1156 588 1229 eadem
612 1155 1000 1250 Repubscholastica
1022 1157 1058 1231 ἃ
1082 1153 1249 1231 literana
1273 1158 1436 1253 palestra
1458 1176 1591 1233 antece
1624 1176 1757 1239 erunt.
1880 1155 1881 1188 ³

394 1254 491 1333 auin
514 1253 628 1329 etiarn
651 1274 775 1334 rerum
802 1255 985 1349 gestarum
1012 1256 1052 1330 in
1079 1254 1212 1328 endem
1251 1256 1397 1351 Repub.
1432 1256 1544 1330 nobie
1574 1256 1753 1331 recorde-

392 1348 473 1439 tio,
500 1349 592 1423 licet
606 1347 676 1425 illae
692 1366 828 1428 tenues
854 1348 942 1434 tint,
972 1350 1208 1446 voluptatem
1227 1346 1375 1439 adfert,
1402 1351 1500 1439 &jn
1523 1351 1568 1427 iis
1587 1352 1755 1449 aliisque

392 1444 596 1530 eiusmodi,
623 1447 779 1542 quoties
796 1468 814 1518 a
830 1444 1064 1544 grauioribus
1089 1446 1239 1537 studiis,
1266 1450 1366 1546 quoii
1386 1442 1464 1523 fedi
1472 1504 1485 1541 ,
1512 1447 1675 1525 animum
1692 1448 1754 1528 se·

391 1558 589 1625 uocemue,
615 1542 781 1618 molliter
802 1538 1086 1638 requiescimus.
1439 1628 1443 1633 ¹

549 1639 645 1715 Mihi
668 1659 800 1731 certe,
836 1660 919 1715 cum
954 1638 999 1713 ad
1027 1636 1218 1737 superiora
1245 1638 1376 1715 schole
1400 1642 1535 1719 nostre
1575 1655 1756 1740 tempore

391 1734 646 1831 cogitationes
677 1760 778 1811 meaa
806 1728 1091 1825 conuertiii'em‚
1126 1736 1340 1835 partimque
1370 1760 1437 1830 ea,
1467 1764 1548 1837 que
1571 1742 1679 1817 veli
1706 1740 1750 1819 se

390 1827 653 1922 meminiiiem,
691 1834 757 1909 vel
786 1856 836 1909 ex
864 1832 945 1908 aliis
976 1828 1077 1907 sabba
1108 1832 1347 1921 audiuiiiem,
1385 1837 1627 1934 partimque
1654 1766 1752 1913 adi«

393 1931 809 2025 comprehenderentur
833 1929 1014 2023 pubiicia,
1050 1930 1096 2001 ad
1123 1932 1282 2005 animum
1310 1928 1563 2029 reuocali'em,
1590 1932 1754 2011 dulcidi-

389 2022 613 2112 nonfuit,
654 2028 869 2103 Academia
894 2026 1023 2101 noiirae
1050 2023 1180 2115 initia,
1206 2027 1465 2117 incrementa,
1502 2028 1755 2127 progreiium-
1881 2019 1882 2104 J

387 2144 489 2219 que,
514 2147 558 2199 ac
578 2118 780 2203 Rediorum
801 2124 933 2199 seriem
958 2122 997 2199 dt
1019 2119 1281 2200 succeffionem
1303 2126 1468 2211 intuerit
1489 2128 1534 2203 in
1556 2129 1757 2205 illustrium

390 2219 572 2311 virorum,
600 2218 875 2297 clarissimorum
891 2212 1157 2307 Proiefforum
1174 2222 1209 2296 dt
1226 2221 1444 2302 amicorum.
1465 2248 1549 2300 cum
1567 2224 1639 2299 iam
1658 2228 1753 2302 oiim

390 2313 679 2409 defunbiorum,
715 2334 793 2392 tum
822 2318 1028 2391 etiamnum
1055 2316 1293 2405 viuentium,
1330 2318 1367 2394 dr
1392 2335 1467 2395 tam
1494 2322 1755 2416 presentium,

391 2434 502 2509 quam
525 2411 730 2524 absentium
755 2414 976 2523 memoriam
996 2410 1190 2498 incidere;
1229 2436 1291 2487 res
1319 2415 1486 2514 denique
1513 2418 1755 2529 icholasticaa
1882 2441 1883 2526 }

390 2509 434 2582 ad
455 2530 568 2583 vnum
589 2507 757 2586 obrediaa
770 2528 972 2603 intortum,
1001 2508 1102 2609 quali
1119 2508 1247 2586 tabula
1260 2515 1421 2610 quadam
1439 2510 1635 2613 deprdiaa,
1658 2534 1755 2591 ocu·
1882 2603 1883 2632 ἶ

389 2602 437 2679 lic
462 2605 664 2705 animoque
690 2606 926 2701 perlustrare.
991 2664 996 2672 .
1771 2664 1777 2671 x

550 2707 684 2799 Atque
711 2706 785 2777 bac
811 2702 838 2778 fi
862 2702 924 2777 coi
946 2702 1044 2779 lenia
1065 2697 1140 2779 effe
1159 2700 1361 2781 videantur
1382 2706 1590 2795 momenti,
1614 2726 1753 2817 nugat·
1882 2755 1883 2804 ξ

391 2818 466 2893 que
483 2795 704 2874 domesticas
729 2801 922 2897 quisquam
948 2799 1179 2891 arbitretur,
1207 2824 1283 2875 non
1299 2824 1495 2912 repugno,
1524 2802 1613 2899 quin
1640 2824 1752 2900 ugno-
1882 2819 1883 2884 ξ

389 2892 481 2968 ratis
504 2894 573 2981 iis,
613 2920 691 2996 qua
717 2894 799 2971 sunt
825 2898 978 2993 proprie
1002 2898 1156 2972 nostra,
1190 2899 1481 2973 Academiarum
1520 2900 1747 2990 nostrarum,

390 3012 470 3087 quae
497 2992 746 3088 pulcherrima
772 2992 965 3067 nationum
992 2993 1268 3103 regionumque
1290 3011 1531 3071 ornamenta,
1562 2996 1598 3071 dr
1625 2994 1749 3070 omnis

383 3086 616 3165 ¹eruditionis
668 3088 983 3187 locupletiiirma,
1032 3089 1297 3189 iapientiaeque
1341 3090 1425 3165 sunt
1469 3092 1752 3189 promptuaria,

389 3182 557 3283 negligat
580 3184 682 3278 abba,
721 3202 883 3263 externa
907 3186 1105 3281 alienaque
1138 3184 1402 3262 consectetur:
1428 3189 1542 3282 mihi,
1570 3189 1749 3285 Princepa

390 3278 555 3375 optime,
583 3285 729 3359 abunde
752 3280 837 3358 satis
863 3284 938 3375 est,
971 3284 1071 3381 qnod
1099 3282 1139 3357 in
1168 3284 1243 3357 hoc
1268 3281 1397 3380 scripti
1419 3308 1563 3382 genere
1582 3309 1659 3359 non
1680 3286 1751 3359 ob·

384 3372 515 3453 scotor
538 3380 730 3457 habuerim
759 3397 925 3458 autores.
994 3379 1087 3455 Nam
1116 3382 1237 3473 primo
1258 3378 1565 3477 incomparabilis
1590 3382 1655 3456 iiie
1679 3405 1750 3457 no·

389 3470 453 3547 stri
500 3479 685 3573 temporis
723 3478 862 3563 beroa,
901 3481 1053 3589 Georgius
1092 3480 1239 3565 ederus,
1277 3476 1554 3553 iureconsultus
1598 3476 1749 3554 cinriffi·

388 3592 492 3659 rnna,
530 3572 815 3671 Religionisque
845 3574 940 3647 Cnth
958 3578 1047 3646 *irco
1067 3590 1325 3671 propugnator
1346 3573 1529 3659 inuidiua,
1570 3576 1605 3649 dt
1626 3574 1749 3649 conii·

388 3665 516 3744 liariua
550 3671 630 3749 1111.
663 3676 831 3765 lmqnup.
856 3668 1079 3763 digniiirmus
1128 3670 1224 3743 haud
1249 3670 1426 3767 exiguam
1447 3668 1511 3745 suo
1539 3670 1747 3749 Redborum

388 3760 661 3841 Viennendum
681 3770 884 3861 Cataiogo,
912 3764 1003 3841 mihi
1034 3768 1078 3839 ad
1105 3764 1337 3840 scribendum
1364 3772 1596 3843 occaiion-„m
1625 3769 1748 3853 dedit.

388 3858 542 3937 Deinde
576 3886 657 3937 cum
692 3865 762 3937 iam
792 3864 839 3935 de
877 3884 921 3937 ea
954 3886 997 3939 re
1031 3884 1130 3960 pene
1161 3882 1250 3937 ante
1286 3863 1476 3938 biennium
1512 3865 1749 3960 cogitarem,

388 3980 461 4033 nec
483 3975 557 4033 tam
583 3957 717 4035 diffisus
739 3958 903 4045 viribus,
964 3982 1044 4032 uam
1069 3958 1260 4054 corruptis
1286 3962 1477 4049 hominum
1501 3963 1651 4037 iudiciis
1680 3964 1747 4035 de·

382 4057 567 4149 territus,
599 4057 753 4155 aggredi
776 3984 1089 4149 reformidarem,
1129 4076 1206 4132 non
1227 4056 1282 4133 ita
1301 4056 1438 4133 dudum
1457 4077 1546 4136 ante
1570 4060 1667 4232 suam
1696 4080 1750 4135 ex

1655 4179 1698 4233 ac
