3800 4759
102 544 117 577 N
227 581 343 668 1568.
521 581 771 698 Nequaquam
790 580 882 661 iilud
908 579 1212 680 pratereundem
1236 580 1426 673 arbitror,
1452 583 1556 680 quod
1576 587 1623 661 ab
1648 586 1732 672 iiiu-

162 764 167 770 ,
237 684 336 750 ²²
364 679 533 799 iiriffimo
550 684 742 856 .p.si¹¹⁰¹ss.e
767 682 1036 793 Feuurnnuuo
1057 680 1224 769 factum,
1246 681 1373 758 nostra
1394 682 1568 795 Facultaa
1591 708 1734 762 memo·

189 857 191 860 ·
287 888 291 894 -
360 777 1738 992 aaudiat,Rusaddir.srssdinibirdibdb:

363 979 427 1056 die
457 980 737 1078 Augusti,·qut
766 991 852 1055 erat
877 979 977 1061 dier,
1018 998 1098 1078 quo
1121 998 1162 1052 rn
1192 976 1275 1051 auia
1298 977 1504 1053 Aibertrna
1529 975 1738 1076 disputatio

362 1079 698 1156 Baccaiaureorum
721 1077 954 1165 habebatur,
980 1073 1088 1151 forte
1111 1072 1292 1162 fortuna,
1316 1071 1481 1151 inuisura
1504 1075 1739 1175 Collegium,

297 1221 322 1262 ,χ
361 1177 401 1254 in
427 1197 511 1254 eam
532 1173 689 1258 incidit,
715 1193 791 1250 nec
816 1173 951 1271 puduit
975 1168 1148 1249 illustriss.
1177 1169 1416 1272 Principem,
1441 1190 1486 1250 re
1510 1172 1738 1268 intelletia,

363 1296 450 1351 cum
488 1272 571 1351 eiut
605 1267 782 1351 illustriss.
815 1269 1039 1349 Celiituditii
1069 1266 1321 1348 assurrexisset
1355 1270 1558 1360 Decanua,
1599 1271 1737 1350 Praeser

364 1368 650 1470 disputationis,
676 1369 718 1445 in
742 1370 867 1445 locum
889 1369 1063 1446 eiusdem
1086 1364 1306 1463 confidere,
1332 1369 1369 1448 dt
1393 1366 1659 1468 disputationis
1679 1373 1739 1448 vs·

364 1493 442 1572 que
466 1469 511 1546 ad
539 1468 677 1556 iidem,
715 1488 854 1564 magno
883 1488 969 1544 curu
992 1467 1199 1560 comitatu,
1237 1487 1315 1544 non
1339 1467 1417 1542 sine
1441 1466 1650 1545 aulicorum
1673 1472 1739 1546 ad·

319 1651 324 1666 ,
362 1567 586 1656 miratione,
612 1567 648 1645 ἃ
677 1560 960 1655 Studiosorum,
996 1561 1341 1664 disputandumque
1368 1563 1652 1658 delectatione,
1683 1583 1738 1643 at·

364 1681 517 1758 tentum
539 1663 578 1742 se
598 1667 767 1765 prebere
783 1662 1009 1740 auditorem.
1059 1663 1167 1738 Hanc
1182 1683 1257 1759 ego
1276 1663 1547 1740 humanitatem
1562 1661 1738 1748 sereniss

90 1839 93 1851 ,
242 1780 245 1788 “
304 1761 310 1767 ’
365 1759 897 1864 Principia&benignitatem
915 1783 993 1837 uon
1013 1760 1123 1860 potui
1146 1783 1220 1834 non
1238 1758 1384 1858 scriptia
1406 1761 1611 1838 eternitati
1633 1786 1738 1856 com.

366 1865 564 1940 utendare.
615 1859 794 1936 Decorus
818 1873 946 1938 autem
961 1873 1052 1936 tunc
1070 1873 1154 1936 erat
1177 1867 1233 1935 M.
1248 1858 1429 1935 raderus
1446 1857 1643 1954 Laudatus,
1670 1863 1738 1940 La.

366 1962 455 2040 tina
476 1959 610 2054 lingua
636 1949 838 2035 Professor.
971 2043 975 2050 ⁸

359 2109 362 2116 ‚
527 2053 738 2134 Tricefimo
763 2054 826 2131 die
850 2053 935 2132 Iuiii
959 2051 1165 2150 rebgntuit
1186 2050 1396 2131 ieciionem
1422 2051 1658 2142 diaseiiicam
1681 2067 1739 2140 Μ.

226 2251 228 2256 ,
367 2151 518 2332 Mipibaei
547 2153 809 2248 instruarius,
850 2153 887 2232 du
918 2151 961 2230 iu
992 2151 1075 2230 einr
1104 2154 1232 2231 locum
1263 2149 1488 2251 subrogatur
1518 2161 1577 2237 M,
1600 2163 1739 2232 loannes

370 2261 431 2334 Wi
454 2261 584 2340 merim.
1036 2279 1039 2285 ’
1586 2273 1613 2296 ··
1696 2261 1703 2270 “

429 2379 449 2419 ⁸
469 2380 567 2448 Abiit
590 2377 813 2468 Wflcrmariur
829 2377 868 2442 ad
889 2377 1050 2449 Comitem
1067 2377 1326 2463 Oettingensem,
1348 2375 1539 2444 Cancellarii
1562 2379 1602 2444 ab
1624 2380 1743 2446 eodem

334 2485 337 2492 ⁴
493 2464 648 2548 dignitate
667 2476 855 2530 exornatus·

529 2570 711 2650 Notarius
733 2568 1007 2649 Vniueriitatia
1028 2577 1083 2650 M.
1101 2578 1237 2647 loannes
1257 2565 1385 2676 [ringer
1405 2569 1634 2665 (Ababacur
1664 2570 1742 2651 siue

368 2663 600 2765 Fiiessensis)
632 2675 708 2746 Vtro
732 2665 870 2744 lacodco
894 2665 1142 2769 subrogatur,
1178 2671 1244 2782 qui
1270 2667 1476 2746 etiamnum
1500 2691 1743 2769 magnacum

298 2769 301 2783 ‘
323 2841 332 2852 .
371 2767 568 2870 diligentia
589 2767 626 2844 ἃ
647 2765 827 2871 industria
847 2789 897 2843 eo
918 2790 1077 2846 munere
1101 2764 1288 2865 iungitur.

293 2881 300 2888 '
532 2870 650 2946 Anno
676 2865 815 2942 eodem
841 2865 905 2942 die
928 2885 992 2960 ας.
1014 2864 1175 2942 ianuarii
1195 2866 1236 2942 in
1258 2866 1520 2942 Conuersione
1547 2867 1600 2947 D.
1614 2867 1742 2960 Pauli,

371 2973 430 3044 M.
447 2965 603 3070 Casparus
627 2961 773 3040 stantib
796 2965 925 3056 (nunc
950 2963 1105 3040 Dotior
1128 2965 1353 3061 Theologur
1369 2959 1611 3041 &Professor
1637 2965 1743 3065 dcc.)
1877 3020 1883 3030 ·

373 3062 439 3164 qui
472 3079 584 3138 antea
620 3063 660 3138 in
698 3061 892 3137 comitatu
929 3061 1091 3160 Hagensr
1126 3064 1380 3139 Lutberanum
1419 3063 1744 3144 concionatorem

79 3242 82 3252 Δ
124 3199 129 3206 ·
373 3176 531 3259 egerat,
556 3161 706 3259 publica
760 3156 969 3236 roseiiione
992 3159 1081 3238 iidei
1107 3160 1217 3236 iuxta
1246 3160 1385 3236 siusium
1419 3163 1460 3236 S.
1492 3159 1543 3236 P:
1566 3161 1626 3238 un
1668 3165 1744 3252 iiii,
1885 3180 1886 3253 ξ

231 3315 234 3320 -
372 3257 601 3357 palinodiam
626 3256 709 3336 ccci
752 3272 789 3344 t,
812 3257 931 3356 idque
956 3258 998 3333 in
1023 3258 1102 3334 ede
1123 3259 1175 3334 D.
1200 3261 1350 3337 Manna
1365 3258 1745 3358 Virginir,'praesen·

370 3357 475 3435 tibur
507 3355 738 3432 Reuerendo
762 3349 879 3432 Suffra
908 3379 1005 3432 aneo
1041 3356 1313 3434 Aicbiiadiano
1346 3357 1546 3451 (Leonatdo
1578 3359 1746 3462 Hoisero)
1885 3378 1886 3463 3

372 3453 527 3632 Leflpatir
551 3469 631 3532 tum
659 3455 879 3532 Reuerendi
921 3453 971 3530 mi
1001 3452 1176 3553 Episcopi
1205 3447 1488 3549 Aicbiiadiani,
1527 3473 1607 3533 tum
1635 3465 1748 3538 sere·
1885 3470 1886 3503 ¹

374 3554 412 3628 ui
456 3553 506 3628 mi
531 3549 708 3629 boiorum
737 3549 856 3628 Ducis
879 3555 1090 3643 Auruncu,
1117 3548 1372 3653 &frequenti
1392 3549 1658 3651 spectatorum
1681 3582 1747 3634 ce.

373 3662 440 3741 tu,
468 3671 643 3749 vereque
668 3646 746 3728 sese
770 3651 815 3725 ab
832 3649 957 3726 bared
978 3653 1022 3726 ad
1036 3650 1272 3728 catholicam
1293 3651 1422 3728 redire
1446 3654 1571 3743 viam,
1595 3673 1639 3728 te
1654 3652 1748 3758 ipsa,

374 3747 542 3846 vinaque
563 3747 773 3825 declarabit
786 3769 901 3831 voce.
954 3749 1040 3824 Post
1062 3745 1199 3826 fabiam
1218 3745 1593 3923 iideiproseffionem
1618 3757 1749 3833 Sacra.

374 3863 545 3924 mentum
570 3845 878 3924 Confirmationia
904 3845 1085 3946 suscepit,
1110 3847 1147 3923 du
1168 3846 1291 3922 statim
1337 3846 1472 3924 etesio'
1494 3849 1643 3945 capite,
1671 3854 1748 3929 vit.

375 3955 494 4044 taque
510 3943 690 4020 redimito
707 3941 914 4044 suggestum
939 3945 1180 4034 conscendit,
1205 3945 1352 4038 suaque
1367 3945 1627 4024 conueriionir
1644 3950 1749 4028 caus·

375 4039 430 4118 saa
454 4041 566 4119 latiam
593 4043 815 4140 explicabit.
870 4043 1083 4120 Ediderunt
1111 4043 1215 4120 bmbi
1239 4044 1329 4120 fidei
1358 4041 1628 4140 professionem
1645 4071 1750 4126 conr.
1884 4088 1885 4093 Ν

253 4235 256 4242 ⁴
377 4142 506 4243 plurea
525 4139 589 4218 alii
611 4140 687 4220 viri
710 4140 900 4242 primarii:
929 4141 982 4227 D.
1004 4140 1196 4222 Lacinia
1219 4139 1449 4242 iiluiiriffimi
1464 4141 1651 4242 Principia
1667 4149 1750 4232 Aa.

780 4293 782 4300 ·
1579 4261 1701 4330 nauta
1800 4278 1809 4303 a
