3800 4759
570 278 850 378 Panarnrro
880 302 947 373 ru
978 270 1151 373 noram
1181 278 1450 391 Enrronmr
1510 358 1513 373 .

320 439 1695 499 *ann-tamam

325 584 443 690 clare
466 581 579 693 gella
607 576 723 685 sunt,
739 549 811 667 *ab
838 578 1019 667 eruditis
1047 578 1334 693 ignoraretur.
1397 578 1592 667 Accinrri
1619 572 1696 691 igi·

322 757 485 853 turme
522 733 672 848 operi3
703 731 879 850 iamque
917 730 1056 818 altero
1081 752 1325 818 moranno
1355 726 1537 844 primam
1564 726 1696 844 atque

261 954 274 967 -
317 884 551 979 secundam
572 887 751 974 illorum
773 902 967 999 partem,
994 889 1047 973 ac
1072 884 1205 997 paulo
1233 880 1330 998 poll
1358 882 1549 999 reliquas
1587 886 1694 973 duas

132 1082 136 1091 ·
315 1044 597 1155 euulgaturus
620 1062 738 1128 eram
762 1034 808 1122 in
835 1033 1083 1149 publicum,
1113 1032 1346 1149 nlfilmotis
1376 1034 1589 1121 continuo
1616 1061 1694 1122 no·

313 1193 384 1285 uis
416 1187 747 1279 difficultatibus
775 1204 927 1273 contra
955 1212 1098 1275 meam
1128 1188 1405 1275 voluntatem
1430 1188 1491 1279 ,ad
1519 1186 1606 1277 hoc
1631 1182 1693 1277 vs·
1743 1226 1749 1231 ·

234 1387 243 1405 x
315 1372 403 1465 que
431 1364 606 1459 tempus
631 1336 878 1454 impeditus
916 1334 1103 1434 fulffema
1188 1330 1555 1427 Tandemuebus
1581 1340 1693 1429 meir

312 1494 515 1615 superum
547 1489 827 1610 prouidentia
855 1514 909 1580 ac
940 1486 1192 1604 Principum
1208 1487 1481 1579 auctoritate
1507 1493 1692 1609 compo,

313 1651 428 1757 fitia,
460 1674 576 1737 anno
606 1640 819 1759 superiori
842 1641 969 1731 licuit
994 1640 1320 1757 typis-initium
1345 1644 1471 1751 dare,
1514 1643 1690 1763 iamque

313 1802 481 1894 excusis
501 1798 626 1888 Parte
654 1794 794 1912 prima
826 1792 1092 1901 Annalium,
1119 1791 1164 1882 a
1191 1792 1363 1883 Codice
1382 1798 1688 1913 diplomatico,

312 1956 391 2074 qui
418 1951 591 2056 Partem
616 1938 813 2063 quartam
846 1940 1031 2052 efficiet,
1067 1946 1326 2060 promittere
1354 1950 1485 2037 ausint
1518 1948 1690 2039 Partem

261 2212 264 2219 ,
311 2106 545 2201 secundam
572 2127 624 2188 ac
648 2096 823 2189 tertiam
848 2122 963 2187 anno
1003 2096 1206 2215 proxime
1235 2092 1435 2217 sequenti
1470 2121 1593 2234 certo
1623 2071 1688 2189 'se-

166 2234 170 2240 ‘
313 2284 491 2376 cuturac
513 2250 612 2345 elie.

468 2559 590 2665 Quid
619 2583 729 2647 vero
756 2557 799 2647 in
824 2582 942 2647 noua
965 2554 1046 2646 hac
1073 2554 1313 2649 Annalium
1336 2560 1691 2652 academicorum

132 2818 138 2827 ,
218 2791 256 2829 „
312 2715 515 2808 editione
556 2710 821 2828 prestiterim
848 2704 1136 2825 ‚sequentibus
1171 2710 1388 2843 capitibus
1438 2694 1688 2828 explicabo.

315 2871 383 2983 1.)
415 2862 998 2968 Textumllotmarianum,
1041 2861 1116 2977 qui
1158 2863 1334 2977 quidem
1375 2864 1428 2950 ad
1468 2860 1707 2953 hilloriam'

308 3020 439 3113 huius
470 3013 774 3108 Vniuerlitatis
799 3014 1020 3127 pertinere
1043 3038 1304 3131 quacunque
1317 3014 1490 3102 ratione
1507 2988 1696 3103 videbu-¹

282 3190 585 3281 -tur,t0tu1n·
614 3159 836 3280 descriplr3
878 3160 1044 3254 omillrsv
1087 3184 1257 3253 tantum
1295 3166 1687 3255 acclamationibus

284 3305 526 3446 ‘poeticis‘,
553 3324 648 3435 qu'ae
676 3316 863 3404 aliorum
891 3316 1024 3404 etiam
1062 3313 1255 3419 iudicio,
1302 3320 1422 3432 quod
1453 3318 1686 3435 exquiirui,

305 3500 453 3591 neque
477 3471 652 3560 decoris
675 3456 938 3586 quidquam,
967 3465 1010 3553 in
1035 3465 1118 3553 hac
1143 3462 1353 3555 musarum
1369 3472 1509 3559 aeratis
1534 3454 1695 3559 nollrar

307 3622 548 3741 elegantia,
569 3646 726 3737 ‘neque
749 3617 954 3706 vtilitatis
987 3620 1041 3706 ad
1078 3616 1276 3733 polleres
1310 3616 1443 3709 client
1480 3622 1687 3719 allatura,

299 3777 470 3897 Elogla
493 3798 672 3893 quoque
701 3768 975 3883 Principum,
999 3751 1347 3882 Epil'coporum,
1378 3770 1423 3860 dr
1444 3772 1686 3881 illustrium,

164 3996 173 4005 ⁸
301 3930 436 4021 huius
462 3922 698 4040 aliquando
725 3912 1033 4045 Vniuerlitatis
1076 3920 1394 4030 Alumnorum,
1442 3923 1684 4013 Facultatis

301 4085 415 4175 irent
436 4075 728 4208 Theologicae
753 4068 1084 4198 Profcllor-um,
1106 4096 1200 4189 quar
1223 4070 1484 4184 Rotmarur,
1515 4073 1559 4163 dt
1589 4074 1684 4187 poll
1717 4138 1728 4148 -

467 4243 472 4251 ’
1429 4298 1434 4307 .
1493 4222 1623 4345 ipsius
