3800 4759
424 329 478 399 rr
828 298 1026 413 loannis
1057 292 1280 386 Ennannr
1309 363 1326 389 ..

373 456 1741 514 ‘gam

373 630 449 688 rtet
480 621 608 683 etitea
630 605 666 681 d
689 618 827 701 genter
857 598 1021 677 mirifice
1056 596 1278 698 excogitate
1309 594 1552 675 infeliciter
1583 599 1742 677 inuenta

372 707 482 798 sunt,
502 702 714 800 preclarior
734 720 899 796 unquam
924 692 1022 783 suit,
1046 718 1155 793 quam
1177 718 1302 771 rerum
1328 714 1505 771 veterum
1517 702 1742 781 'monumen-

376 804 463 879 tndt
480 796 886 887 commemorationem
907 792 1146 890 antiquitatis
1158 792 1372 889 posteritati
1390 790 1626 875 consecrare.
1678 798 1744 871 Aa

376 920 453 976 non
467 896 569 972 enim
584 894 752 970 Historia
766 894 832 984 (vt
851 912 936 966 cum
958 892 1135 964 Antonio
1154 892 1252 987 apud
1267 890 1321 973 M.
1331 891 1380 967 T.
1393 888 1618 965 Ciceronem
1637 890 1744 965 Prin-

379 996 505 1090 cipem
525 994 733 1067 oratorum
756 990 913 1085 loquar)
938 984 1046 1095 cellia
1074 984 1131 1063 eil
1162 1004 1400 1099 temporum,
1441 988 1508 1062 lux
1542 987 1742 1079 veritatis,

302 1167 308 1175 ,
378 1093 463 1168 rita
484 1088 696 1178 memorie,
736 1086 909 1181 megillra
929 1096 1042 1171 rite,
1085 1082 1124 1157 dt
1150 1098 1282 1159 nnana
1305 1083 1532 1169 vetustatis?
1573 1092 1637 1161 An
1666 1106 1742 1159 non

379 1190 482 1266 iilem
511 1186 564 1265 Μ.
589 1186 728 1259 Cicero
753 1203 849 1257 vere
870 1178 1120 1289 dixin-quod
1144 1179 1182 1255 dt
1199 1179 1423 1277 Aegyptius
1448 1182 1632 1257 smerdos
1652 1202 1741 1257 ante

380 1281 513 1359 soloni
530 1280 706 1369 dixerat,
731 1276 900 1365 nescire,
941 1277 1032 1367 quid
1056 1292 1167 1350 antea
1193 1298 1304 1371 qiiani
1329 1294 1438 1351 natur
1463 1278 1507 1353 lic
1535 1278 1741 1374 acciderit,

379 1380 420 1456 id
443 1380 520 1465 esi,
554 1374 703 1474 semper
725 1396 884 1472 puerum
906 1368 1012 1447 esses
1052 1373 1191 1453 (lrtodli
1215 1370 1334 1469 igitur
1357 1395 1481 1451 rerum
1506 1373 1741 1474 antiquarum

382 1473 554 1571 cognitio
569 1472 641 1561 iia,
667 1470 733 1570 qui
749 1470 934 1567 privatam
958 1470 1102 1555 degunt
1123 1470 1265 1555 vitam,
1290 1490 1522 1568 magnopere
1542 1470 1740 1558 conducit;

381 1574 503 1649 multo
522 1569 641 1666 magia
657 1568 705 1644 iia
721 1565 798 1642 erit
819 1566 1061 1662 expetenda,
1085 1565 1202 1639 immo
1222 1586 1400 1663 perquam
1422 1562 1648 1657 necessaria,
1703 1566 1741 1643 ui

380 1667 522 1743 summo
543 1666 633 1741 loeo
655 1662 760 1754 nati,
795 1683 923 1739 rerum
949 1660 1182 1761 publicarum
1206 1662 1369 1737 habenaa
1388 1677 1525 1739 tenent
1552 1665 1589 1741 dt
1613 1590 1740 1741 moge-

380 1781 527 1842 fantur·

542 1858 628 1932 Hoc
648 1853 737 1930 sane
754 1854 931 1929 Catulum
946 1851 1053 1927 illum
1068 1850 1246 1949 Magnum
1263 1851 1555 1949 Imperatorem,
1580 1854 1739 1931 Franco.-

379 1975 462 2032 rnm
477 1954 516 2027 in
532 1952 729 2027 Germania
749 1949 950 2024 simuldiin
960 1948 1077 2021 Gallia
1090 1948 1230 2044 Regem
1248 1971 1297 2023 co
1315 1952 1582 2027 vehementiur
1596 1948 1737 2027 inflam-

380 2051 522 2135 mauit,
558 2064 602 2122 vt
629 2068 709 2120 non
732 2044 970 2123 solummodo
989 2042 1037 2117 de
1062 2042 1338 2143 antiquioribus
1366 2048 1636 2125 Germanorum
1657 2046 1738 2123 suo·

378 2168 461 2224 rum
490 2143 687 2233 Historiia,
721 2166 802 2239 qun
829 2140 1037 2215 numerosis
1063 2154 1210 2215 tantum
1232 2142 1420 2237 rhytmus,
1461 2158 1506 2219 vt
1535 2146 1741 2221 etiamnum

378 2244 499 2340 rnlgo
519 2240 647 2337 sepina
667 2238 754 2317 sieri
780 2235 901 2328 solet,
927 2236 1142 2331 composite
1169 2234 1295 2333 passini
1316 2238 1510 2315 decantari
1532 2240 1738 2317 consueue-

378 2358 487 2426 rant,
520 2337 768 2433 undiquaque
795 2332 1048 2426 colligendia,
1086 2330 1182 2407 &in
1211 2351 1338 2427 aptam
1369 2352 1485 2432 atque
1516 2340 1741 2413 concinnant

377 2446 594 2527 temporum
618 2450 823 2527 rerumque
842 2428 1027 2525 gestarunt
1052 2424 1189 2501 seriem
1203 2428 1420 2523 digerendis
1439 2428 1631 2519 solicitus,
1653 2452 1740 2523 prae·

378 2530 465 2604 iniis
486 2525 639 2623 insuper
659 2522 838 2599 munifice
861 2523 1084 2617 propositis,
1111 2524 1325 2619 Scriptores
1352 2522 1483 2597 Patrie
1508 2526 1640 2601 nostre
1666 2526 1739 2601 slu-

220 2640 224 2647 ’
380 2623 529 2712 diosna,
552 2636 681 2717 neque
706 2640 848 2715 pancoa
869 2639 996 2712 neque
1020 2621 1174 2694 omnino
1195 2620 1353 2729 ineptos
1378 2620 1578 2709 excitarit,
1605 2643 1738 2697 verum

380 2722 496 2795 etiam
517 2718 826 2814 quotiescunque
855 2734 925 2807 per
954 2714 1225 2811 occupationes
1251 2718 1513 2813 imperatorias
1537 2734 1654 2815 utque
1679 2739 1737 2794 re-

377 2818 459 2984 gina
488 2816 649 2922 liceret,
687 2808 948 2919 nobilissimum
985 2810 1075 2921 illud
1110 2810 1517 2926 lli-ttoriogrmuomm·
1537 2837 1634 2926 opua
1663 2838 1744 2925 non-

395 2929 520 2985 euiter
544 2912 580 2983 dt
606 2904 685 3003 ipse
709 2906 905 2999 traslarrtg
946 2909 1112 3003 Regibus
1136 2908 1366 2985 nimirum&
1398 2908 1631 3009 Principibus
1656 2913 1737 2987 ulau

253 3019 256 3026 '
376 3007 616 3103 preclarum,
641 3003 743 3100 quod
764 3001 1029 3095 imitarentur,
1055 3004 1270 3097 exemplum
1293 3000 1507 3083 relislurua.
1532 3068 1536 3075 .

537 3098 632 3173 Nam
658 3096 760 3193 fiqua
783 3118 947 3193 vnqnam
973 3119 1032 3171 ara
1057 3098 1135 3186 est,
1163 3120 1241 3197 que
1258 3098 1294 3175 n
1311 3096 1410 3175 disin
1427 3100 1462 3176 δι
1480 3098 1580 3177 falla
1596 3102 1630 3179 u
1647 3124 1736 3179 con·
1867 3152 1868 3157 Ν

377 3192 454 3269 silia
490 3193 682 3267 hominum
714 3192 921 3287 diligenter
945 3192 1165 3284 conseruet,
1191 3198 1409 3273 memoriam
1430 3200 1537 3275 firme
1562 3215 1737 3289 tueatur,

375 3290 581 3365 veritatem
607 3290 773 3363 dilucide
803 3288 987 3372 illustret,
1014 3290 1129 3365 vitam
1157 3288 1264 3365 recte
1289 3312 1419 3387 regat,
1445 3312 1658 3391 temporum
1682 3294 1738 3372 vi·

377 3408 442 3459 cea
466 3385 641 3459 ordinate
666 3385 823 3469 reddat,
853 3384 1001 3459 vetusta
1021 3388 1054 3459 d
1074 3388 1119 3461 ab
1140 3385 1329 3463 hominurn
1350 3391 1533 3466 memorie
1549 3392 1736 3467 immenfin

375 3500 527 3557 remota
552 3478 679 3575 spatiia
717 3478 887 3554 fideliter
914 3480 1085 3567 nuntiem
1127 3484 1172 3556 nb
1194 3478 1357 3559 Historia
1379 3506 1489 3563 certe
1511 3487 1736 3585 recipiamur

376 3570 527 3651 necesse
560 3578 657 3685 esi,
686 3598 767 3685 que
802 3575 995 3671 eliquanto
1024 3578 1201 3652 illuslriun
1232 3596 1348 3676 atque
1376 3578 1584 3671 efficacius,
1624 3604 1735 3680 quarn

376 3674 502 3746 multe
523 3672 603 3745 alie
623 3669 846 3765 discipline,
875 3672 924 3743 de
946 3674 1113 3747 moribus
1130 3675 1167 3749 dc
1185 3670 1491 3770 vicedominum,
1521 3682 1569 3755 de
1584 3678 1736 3757 virtuti·

377 3768 446 3840 bna
472 3769 506 3840 dt
534 3767 661 3854 vitiis,
696 3766 985 3873 imperandique
1009 3768 1151 3843 artibua
1175 3764 1332 3845 disserit:
1354 3778 1410 3847 .ln
1440 3778 1601 3853 Historia
1633 3781 1735 3853 enirn

376 3862 749 3958 primumconstlia,
789 3860 929 3935 deinde
965 3863 1069 3952 illa,
1107 3866 1143 3939 dt
1167 3866 1316 3941 tandem
1354 3888 1513 3948 euentus
1543 3872 1735 3951 srudluol'e

374 3959 711 4152 {illisis
741 3956 1261 4157 lil⁰l20¹¹⁰3rlllllll
1282 3962 1734 4163 “slisll‘lllli

710 4108 723 4148 a
945 4099 959 4146 i
1015 4151 1020 4161 ,
1260 4102 1277 4152 a
1340 4118 1343 4123 ·
1540 4112 1555 4157 a

1577 4182 1685 4237 nota·
